@ARTICLE{LiMa,
   author = {{Li}, T.-P. and {Ma}, Y.-Q.},
    title = "{Analysis methods for results in gamma-ray astronomy}",
  journal = {Astrophysical Journal},
 keywords = {Gamma Ray Astronomy, Statistical Analysis, Confidence Limits, Maximum Likelihood Estimates, Monte Carlo Method},
     year = 1983,
    month = sep,
   volume = 272,
    pages = {317-324},
      doi = {10.1086/161295},
}

@ELECTRONIC{cosmic-rays,
    author = {DESY},
    title   = {Astroparticle Physics},
    url = {https://astro.desy.de/index_eng.html},
    date = {2018-11-05},
}

@ELECTRONIC{fact-data,
    author = {FACT},
    title   = {FACT Open Data},
    url = {https://fact-project.org/data/},
    date = {2018-11-05},
}

@ELECTRONIC{FeatureStream,
    author = {Kevin Sedlaczek},
    title   = {FeatureStream - A Python Package for Analyzing PhotonStream data},
    url = {https://github.com/KevSed/FeatureStream},
    date = {2018-11-05},
}

@ELECTRONIC{photonstream,
    author = {Müller, Sebastian Achim and others},
    title   = {Photon-Stream},
    url = {https://github.com/fact-project/photon_stream},
    date = {2018-12-05},
}

@ELECTRONIC{maxhillas,
    author = {Maximilian Nöthe},
    title   = {Graphic explaining the hillas features in Imaging Air Cherenkov Astronomy},
    url = {https://gist.github.com/MaxNoe/fb1e2042e0d8e1e38b3d2ab4c976cba2},
    date = {2018-11-05},
}


@ELECTRONIC{aicttools,
    author = {Kai Brügge and Maximilian Nöthe and Jens Buß},
    title   = {aict-tools - Artificial Intelligence for Cherenkov Telescopes},
    url = {https://github.com/fact-project/aict-tools},
    date = {2019-01-14},
}

@ELECTRONIC{openana,
    author = {Kai Brügge and Maximilian Nöthe},
    title   = {open\_crab\_sample\_analysis - Sample Gamma Analysis on our Open Crab Sample},
    url = {https://github.com/fact-project/open_crab_sample_analysis},
    date = {2019-01-14},
}

@ELECTRONIC{shower,
    author = {Karlsruhe Institue of Technology},
    title   = {CORSIKA – an Air Shower Simulation Program},
    note = {Compiled by Fabian Schmidt, University of Leeds, UK},
    url = {https://www.ikp.kit.edu/corsika/},
    date = {2019-01-11},
}

@ELECTRONIC{hubble,
    author = {NASA},
    title   = {The Hubble Space Telescope Observatory},
    url = {https://www.nasa.gov/mission_pages/hubble/spacecraft/index.html},
    date = {2019-01-19},
}

@article{cta,
  Author = {The CTA Consortium},
  Title = {Design Concepts for the Cherenkov Telescope Array},
  Year = {2010},
  Eprint = {arXiv:1008.3703},
  Howpublished = {Experimental Astronomy (2011) 32:193-316},
  Doi = {10.1007/s10686-011-9247-0},
}

@article{zwicky,
   author = {{Zwicky}, F.},
    title = "{On the Masses of Nebulae and of Clusters of Nebulae}",
  journal = {The Astrophysical Journal},
     year = 1937,
    month = oct,
   volume = 86,
    pages = {217},
      doi = {10.1086/143864},
   adsurl = {http://adsabs.harvard.edu/abs/1937ApJ....86..217Z},
  adsnote = {Provided by the SAO/NASA Astrophysics Data System}
}

@book{goodfellow,
    title={Deep Learning},
    author={Ian Goodfellow and Yoshua Bengio and Aaron Courville},
    publisher={MIT Press},
    note={\url{http://www.deeplearningbook.org}},
    year={2016}
}

@book{mitchell,
    title={Machine Learning},
    author={Tom M. Mitchell},
    publisher={McGraw-Hill Science/Engineer
ing/Math},
    isbn={0070428077},
    pages={2},
    year={1997}
}

@article{bagging,
  title={Bagging Predictors},
  journal={Machine Learning},
  issue={24},
  pages={123-140},
  author={Breiman, L},
  year={1996}
}

@article{Hillas,
  title={Cherenkov light images of EAS produced by primary gamma rays and by nuclei},
  journal={19th Intern. Cosmic Ray Conf},
  issue={3},
  pages={445-448},
  author={Hillas, A. M.},
  year={1985}
}

@article{Hess,
      author         = "Hess, Victor F.",
      title          = "{Über Beobachtungen der durchdringenden Strahlung bei
                        sieben Freiballonfahrten}",
      journal        = "Phys. Z.",
      volume         = "13",
      year           = "1912",
      pages          = "1084-1091",
      SLACcitation   = "%%CITATION = PHZTA,13,1084;%%"
}

@misc{facttools,
  author       = {Kai Brügge and
                  Maximilian Nöthe and
                  Jens Buß and
                  T. Fabian Temme and
                  Michael Bulinski and
                  Sebastian A. Mueller and
                  Christian Bockermann and
                  Lena Linhoff and
                  Jan Freiwald and
                  Dominik Neise and
                  Dominik Baack and
                  Hendrik Hildebrandt and
                  Katie Gray and
                  Max L. Ahnen and
                  Alexey Egorov and
                  Kai Schenetten and
                  Niklas Wulf},
  title        = {FACT-Tools: v1.1.2},
  month        = dec,
  year         = 2018,
  doi          = {10.5281/zenodo.2386762},
  url          = {https://doi.org/10.5281/zenodo.2386762}
}

@article{DBSCAN,
  author={Ester, M. and Kriegel, H. P. and Sander, J. and Xu, X.},
  title={A Density-Based Algorithm for Discovering Clusters in Large Spatial Databases with Noise},
  journal={Proceedings of the 2nd International Conference on Knowledge Discovery and Data Mining},
  address={Portland, OR},
  pages={226-231},
  publisher={AAAI Press},
  year={1996}
}


@article{fermiLAT,
      author         = "Atwood, W. B. and others",
      title          = "{The Large Area Telescope on the Fermi Gamma-Ray Space
Telescope Mission}",
      journal        = "Applied Physics Letters",
      volume         = "697",
      pages          = "1071-1102",
      year           = "2009",
}

@article{FACT-Design,
  author={H Anderhub and others},
  title={Design and operation of FACT – the first G-APD Cherenkov telescope},
  journal={Journal of Instrumentation},
  volume={8},
  number={06},
  pages={P06008},
  url={http://stacks.iop.org/1748-0221/8/i=06/a=P06008},
  year={2013}
}

@article{FACT-Calib,
  author={A Biland and others},
  title={Calibration and performance of the photon sensor response of FACT” the first G-APD Cherenkov telescope},
  journal={Journal of Instrumentation},
  volume={9},
  number={10},
  pages={P10012},
  url={http://stacks.iop.org/1748-0221/9/i=10/a=P10012},
  year={2014},
}

@article{DBSCAN2,
  author={Martin Ester and Hans-Peter Kriegel and Joerg Sander and Xiaowei Xu and others},
 title={A density-based algorithm for discovering clusters in large spatial
 databases with noise},
 journal={Kdd},
 volume={96},
 pages={226-231},
 year={1996}
}

@article{aharonian,
  author={F Aharonian and J Buckley and T Kifune and G Sinnis},
  title={High energy astrophysics with ground-based gamma ray detectors},
  journal={Reports on Progress in Physics},
  volume={71},
  number={9},
  pages={096901},
  url={http://stacks.iop.org/0034-4885/71/i=9/a=096901},
  year={2008},
}

@article{CORSIKA,
  author         = "Heck, D. and Knapp, J. and Capdevielle, J. N. and Schatz, G. and Thouw, T.",
  title          = "{CORSIKA: A Monte Carlo code to simulate extensive air showers}",
  year           = "1998",
  reportNumber   = "FZKA-6019",
  SLACcitation   = "%%CITATION = FZKA-6019;%%"
}

@article{ceres,
  author = {Bretz, Thomas and Dorner, Daniela},
  year = {2009},
  journal = {Proceedings of the 31st ICRC},
  title = {MARS -CheObs goes Monte Carlo}
}

@article{phs,
  author = {Müller, Sebastian Achim and others},
  year = {2017},
  journal = {Proceedings of the
35th ICRC},
  title = {Single Photon Extraction for FACT’s SiPMs allows
for Novel IACT Event Representation}
}

@MANUAL{siunitx,
    title   = {siunitx - A comprehensive (SI) units package},
    url = {http://mirror.selfnet.de/tex-archive/macros/latex/contrib/siunitx/siunitx.pdf},
    date = {2013},
    author = {Wright, Joseph}
}

@MANUAL{biblatex,
    title   = {The Biblatex Package},
    subtitle = {Programmable Bibliographies and Citations},
    url = {ftp://ftp.fu-berlin.de/tex/CTAN/macros/latex/contrib/biblatex/doc/biblatex.pdf},
    date = {2014},
    author = {Lehman, Philipp and others}
}

@article{scikit-learn,
 title={Scikit-learn: Machine Learning in {P}ython},
 author={Pedregosa, F. and Varoquaux, G. and Gramfort, A. and Michel, V.
         and Thirion, B. and Grisel, O. and Blondel, M. and Prettenhofer, P.
         and Weiss, R. and Dubourg, V. and Vanderplas, J. and Passos, A. and
         Cournapeau, D. and Brucher, M. and Perrot, M. and Duchesnay, E.},
 journal={Journal of Machine Learning Research},
 volume={12},
 pages={2825--2830},
 year={2011}
}

@Article{Hunter:2007,
  Author    = {Hunter, J. D.},
  Title     = {Matplotlib: A 2D graphics environment},
  Journal   = {Computing In Science \& Engineering},
  Volume    = {9},
  Number    = {3},
  Pages     = {90--95},
  abstract  = {Matplotlib is a 2D graphics package used for Python
  for application development, interactive scripting, and
  publication-quality image generation across user
  interfaces and operating systems.},
  publisher = {IEEE COMPUTER SOC},
  doi       = {10.1109/MCSE.2007.55},
  year      = 2007
}
